<record><leader>00000cas a22000007a 4500</leader><controlfield tag="001">10384547</controlfield><controlfield tag="008">840207d18741882ctuwr ne      0    0eng d</controlfield><datafield ind1=" " ind2=" " tag="010"><subfield code="a">sn 84022387 </subfield></datafield><datafield ind1=" " ind2=" " tag="040"><subfield code="a">NPX</subfield><subfield code="b">eng</subfield><subfield code="c">NPX</subfield><subfield code="d">CNW</subfield><subfield code="d">OCLCQ</subfield><subfield code="d">OCLCF</subfield><subfield code="d">OCLCO</subfield></datafield><datafield ind1="1" ind2=" " tag="029"><subfield code="a">AU@</subfield><subfield code="b">000024693195</subfield></datafield><datafield ind1=" " ind2=" " tag="042"><subfield code="a">msc</subfield></datafield><datafield ind1=" " ind2=" " tag="043"><subfield code="a">n-us-ct</subfield></datafield><datafield ind1="0" ind2=" " tag="130"><subfield code="a">New era (Chester, Conn.)</subfield></datafield><datafield ind1="1" ind2="4" tag="245"><subfield code="a">The new era.</subfield></datafield><datafield ind1=" " ind2=" " tag="260"><subfield code="a">Chester, Conn. :</subfield><subfield code="b">Francis Sheldon</subfield></datafield><datafield ind1=" " ind2=" " tag="300"><subfield code="a">v.</subfield></datafield><datafield ind1=" " ind2=" " tag="310"><subfield code="a">Weekly,</subfield><subfield code="b">Apr. 8, 1876-1882</subfield></datafield><datafield ind1=" " ind2=" " tag="321"><subfield code="a">Monthly,</subfield><subfield code="b">1874-Mar. 1876</subfield></datafield><datafield ind1="0" ind2=" " tag="362"><subfield code="a">Vol. 1, no. 1 (July 1874)-v. 8, no. 43 (Jan. 20, 1882).</subfield></datafield><datafield ind1=" " ind2=" " tag="500"><subfield code="a">A preliminary issue was published May 1874.</subfield></datafield><datafield ind1=" " ind2=" " tag="500"><subfield code="a">Published in Deep River, Conn., Mar. 26, 1880-1882.</subfield></datafield><datafield ind1=" " ind2=" " tag="515"><subfield code="a">Issues for Apr. 8, 1876-1882 also called: Whole no. 22-325.</subfield></datafield><datafield ind1=" " ind2=" " tag="515"><subfield code="a">Contains numbering inconsistencies.</subfield></datafield><datafield ind1=" " ind2=" " tag="530"><subfield code="a">Also issued on microfilm from the Connecticut State Library.</subfield></datafield><datafield ind1=" " ind2=" " tag="588"><subfield code="a">Description based on facsimile of p. 1 of vol. 1, no. 1 (July 1874), reproduced in issue for Oct. 22, 1964.</subfield></datafield><datafield ind1=" " ind2="0" tag="651"><subfield code="a">Chester (Conn. : Town)</subfield><subfield code="v">Newspapers.</subfield></datafield><datafield ind1=" " ind2="0" tag="651"><subfield code="a">Deep River (Conn.)</subfield><subfield code="v">Newspapers.</subfield></datafield><datafield ind1=" " ind2="7" tag="655"><subfield code="a">Newspapers.</subfield><subfield code="2">fast</subfield><subfield code="0">(OCoLC)fst01423814</subfield></datafield><datafield ind1=" " ind2="7" tag="651"><subfield code="a">Connecticut</subfield><subfield code="z">Chester (Town)</subfield><subfield code="2">fast</subfield><subfield code="0">(OCoLC)fst01332054</subfield></datafield><datafield ind1=" " ind2="7" tag="651"><subfield code="a">Connecticut</subfield><subfield code="z">Deep River.</subfield><subfield code="2">fast</subfield><subfield code="0">(OCoLC)fst01207914</subfield></datafield><datafield ind1=" " ind2=" " tag="752"><subfield code="a">United States</subfield><subfield code="b">Connecticut</subfield><subfield code="c">Middlesex</subfield><subfield code="d">Chester.</subfield></datafield><datafield ind1="0" ind2="0" tag="785"><subfield code="t">Deep River new era</subfield><subfield code="w">(DLC)sn 85038316</subfield><subfield code="w">(OCoLC)12253088</subfield></datafield></record>